@article{bajcsy1988active,
  title={Active perception},
  author={Bajcsy, Ruzena},
  journal={Proceedings of the IEEE},
  volume={76},
  number={8},
  pages={966--1005},
  year={1988},
  publisher={IEEE}
}

@article{wixson1994using,
  title={Using intermediate objects to improve the efficiency of visual search},
  author={Wixson, Lambert E and Ballard, Dana H},
  journal={International Journal of Computer Vision},
  volume={12},
  number={2-3},
  pages={209--230},
  year={1994},
  publisher={Springer}
}


@inproceedings{aydemir_plan-based_2011,
	title = {Plan-based {Object} {Search} and {Exploration} using {Semantic} {Spatial} {Knowledge} in the {Real} {World}.},
	url = {http://www.csc.kth.se/~aydemir/paper_pdfs/2011.ecmr.avs.pdf},
	urldate = {2015-10-25},
	booktitle = {{ECMR}},
	author = {Aydemir, Alper and Göbelbecker, Moritz and Pronobis, Andrzej and Sjöö, Kristoffer and Jensfelt, Patric},
	year = {2011},
	pages = {13--18},
	file = {2011.ecmr.avs.pdf:/home/deebuls/.mozilla/firefox/csciq0z7.default/zotero/storage/23AFBZXV/2011.ecmr.avs.pdf:application/pdf}
}

@inproceedings{aydemir_exploiting_2012,
	title = {Exploiting and modeling local 3d structure for predicting object locations},
	url = {http://ieeexplore.ieee.org/xpls/abs_all.jsp?arnumber=6386111},
	urldate = {2015-11-30},
	booktitle = {Intelligent {Robots} and {Systems} ({IROS}), 2012 {IEEE}/{RSJ} {International} {Conference} on},
	publisher = {IEEE},
	author = {Aydemir, Alper and Jensfelt, Patric},
	year = {2012},
	pages = {3885--3892},
	file = {06386111.pdf:/home/deebuls/.mozilla/firefox/csciq0z7.default/zotero/storage/TCHT6FHW/06386111.pdf:application/pdf}
}


@article{kunze_indirect_2014,
	title = {Indirect object search based on qualitative spatial relations},
	url = {https://www.robohow.eu/_media/workshops/ai-based-robotics-iros-2013/paper10-final.pdf},
	urldate = {2015-11-01},
	journal = {ICRA, Hong Kong, China},
	author = {Kunze, Lars and Hawes, Nick},
	year = {2014},
	file = {paper10-final.pdf:/home/deebuls/.mozilla/firefox/csciq0z7.default/zotero/storage/XCEAB97I/paper10-final.pdf:application/pdf}
}


@inproceedings{kunze_searching_2012,
	title = {Searching objects in large-scale indoor environments: {A} decision-theoretic approach},
	shorttitle = {Searching objects in large-scale indoor environments},
	url = {http://ieeexplore.ieee.org/xpls/abs_all.jsp?arnumber=6224965},
	urldate = {2015-12-06},
	booktitle = {Robotics and {Automation} ({ICRA}), 2012 {IEEE} {International} {Conference} on},
	publisher = {IEEE},
	author = {Kunze, Lars and Beetz, Michael and Saito, Manabu and Azuma, Haseru and Okada, Kei and Inaba, Masayuki},
	year = {2012},
	pages = {4385--4390},
	file = {06224965.pdf:/home/deebuls/.mozilla/firefox/csciq0z7.default/zotero/storage/5NBJKBN6/06224965.pdf:application/pdf}
}
@article{aydemir_active_2013,
	title = {Active {Visual} {Object} {Search} in {Unknown} {Environments} {Using} {Uncertain} {Semantics}},
	volume = {29},
	issn = {1552-3098, 1941-0468},
	url = {http://ieeexplore.ieee.org/lpdocs/epic03/wrapper.htm?arnumber=6507635},
	doi = {10.1109/TRO.2013.2256686},
	number = {4},
	urldate = {2015-12-17},
	journal = {IEEE Transactions on Robotics},
	author = {Aydemir, Alper and Pronobis, Andrzej and Gobelbecker, Moritz and Jensfelt, Patric},
	month = aug,
	year = {2013},
	pages = {986--1002},
	file = {aydemir2013tro.pdf:/home/deebuls/.mozilla/firefox/csciq0z7.default/zotero/storage/5C78ZSII/aydemir2013tro.pdf:application/pdf}
}


@inproceedings{kollar_utilizing_2009,
	title = {Utilizing object-object and object-scene context when planning to find things},
	isbn = {978-1-4244-2788-8},
	url = {http://ieeexplore.ieee.org/lpdocs/epic03/wrapper.htm?arnumber=5152831},
	doi = {10.1109/ROBOT.2009.5152831},
	urldate = {2015-10-27},
	publisher = {IEEE},
	author = {Kollar, T. and Roy, N.},
	month = may,
	year = {2009},
	pages = {2168--2173},
	file = {66603.pdf:/home/deebuls/.mozilla/firefox/csciq0z7.default/zotero/storage/P6ESRCAC/66603.pdf:application/pdf}
}

@inproceedings{samadi_using_2012,
	title = {Using the {Web} to {Interactively} {Learn} to {Find} {Objects}.},
	url = {http://www-2.cs.cmu.edu/~mmv/papers/12aaai-SamadiKollarVeloso.pdf},
	urldate = {2015-10-25},
	booktitle = {{AAAI}},
	author = {Samadi, Mehdi and Kollar, Thomas and Veloso, Manuela M.},
	year = {2012},
	file = {12aaai-SamadiKollarVeloso.pdf:/home/deebuls/.mozilla/firefox/csciq0z7.default/zotero/storage/APXNFE7D/12aaai-SamadiKollarVeloso.pdf:application/pdf}
}


@article{joho_learning_2011,
	title = {Learning search heuristics for finding objects in structured environments},
	volume = {59},
	url = {http://www.sciencedirect.com/science/article/pii/S0921889011000327},
	number = {5},
	urldate = {2015-10-27},
	journal = {Robotics and Autonomous Systems},
	author = {Joho, Dominik and Senk, Martin and Burgard, Wolfram},
	year = {2011},
	pages = {319--328},
	file = {joho11ras.pdf:/home/deebuls/.mozilla/firefox/csciq0z7.default/zotero/storage/TR5K5XND/joho11ras.pdf:application/pdf}
}


@article{wong_using_2014,
	title = {Using {Knowledge} of {Related} {Objects} to {Drive} {Attention} for {Active} {Object} {Search} and {Large}-{Scale} {Estimation}},
	url = {http://workshops.acin.tuwien.ac.at/ICRA2014W_Attention/downloads/papers/wsrhi2014_Wong.pdf},
	urldate = {2015-11-01},
	journal = {IEEE ICRA, Hong Kong, China},
	author = {Wong, Lawson LS and Kaelbling, Leslie Pack and Perez, T. L.},
	year = {2014},
	file = {wsrhi2014_Wong.pdf:/home/deebuls/.mozilla/firefox/csciq0z7.default/zotero/storage/KJ4WR2SW/wsrhi2014_Wong.pdf:application/pdf}
}

@inproceedings{wong_not_2014,
	title = {Not seeing is also believing: {Combining} object and metric spatial information},
	shorttitle = {Not seeing is also believing},
	url = {http://ieeexplore.ieee.org/xpls/abs_all.jsp?arnumber=6907014},
	urldate = {2015-11-09},
	booktitle = {Robotics and {Automation} ({ICRA}), 2014 {IEEE} {International} {Conference} on},
	publisher = {IEEE},
	author = {Wong, Lawson LS and Kaelbling, Leslie Pack and Lozano-Pérez, Tomás},
	year = {2014},
	pages = {1253--1260},
	file = {wong-icra14.pdf:/home/deebuls/.mozilla/firefox/csciq0z7.default/zotero/storage/J9ZFVE8E/wong-icra14.pdf:application/pdf}
}

@inproceedings{wong_manipulation-based_2013,
	title = {Manipulation-based active search for occluded objects},
	url = {http://ieeexplore.ieee.org/xpls/abs_all.jsp?arnumber=6630966},
	urldate = {2015-12-31},
	booktitle = {Robotics and {Automation} ({ICRA}), 2013 {IEEE} {International} {Conference} on},
	publisher = {IEEE},
	author = {Wong, Lawson LS and Kaelbling, Leslie Pack and Lozano-Pérez, Tomás},
	year = {2013},
	pages = {2814--2819},
	file = {ICRA13_1782_FI.pdf:/home/deebuls/.mozilla/firefox/csciq0z7.default/zotero/storage/DV76M6B7/ICRA13_1782_FI.pdf:application/pdf}
}


@article{elfring_semantic_2013,
	title = {Semantic world modeling using probabilistic multiple hypothesis anchoring},
	volume = {61},
	issn = {09218890},
	url = {http://linkinghub.elsevier.com/retrieve/pii/S0921889012002163},
	doi = {10.1016/j.robot.2012.11.005},
	language = {en},
	number = {2},
	urldate = {2015-11-10},
	journal = {Robotics and Autonomous Systems},
	author = {Elfring, J. and van den Dries, S. and van de Molengraft, M.J.G. and Steinbuch, M.},
	month = feb,
	year = {2013},
	pages = {95--105},
	file = {1-s2.0-S0921889012002163-main.pdf:/home/deebuls/.mozilla/firefox/csciq0z7.default/zotero/storage/TUTGH3T6/1-s2.0-S0921889012002163-main.pdf:application/pdf}
}


@inproceedings{krajnik_wheres_2015,
	title = {Where's waldo at time t? using spatio-temporal models for mobile robot search},
	shorttitle = {Where's waldo at time t?},
	url = {http://ieeexplore.ieee.org/xpls/abs_all.jsp?arnumber=7139481},
	urldate = {2016-01-04},
	booktitle = {Robotics and {Automation} ({ICRA}), 2015 {IEEE} {International} {Conference} on},
	publisher = {IEEE},
	author = {Krajnik, Tomas and Kulich, Miroslav and Mudrova, Lenka and Ambrus, Rares and Duckett, Tom},
	year = {2015},
	pages = {2140--2146},
	file = {krajnik_ICRA15.pdf:/home/deebuls/.mozilla/firefox/csciq0z7.default/zotero/storage/5KRCTQA9/krajnik_ICRA15.pdf:application/pdf}
}

@inproceedings{krajnik_life-long_2015,
	title = {Life-long spatio-temporal exploration of dynamic environment},
	url = {http://eprints.lincoln.ac.uk/17955},
	urldate = {2015-11-26},
	booktitle = {European {Conference} on {Mobile} {Robots} ({ECMR})},
	publisher = {IEEE},
	author = {Krajnik, Tomas and Santos, Joao and Duckett, Tom and {others}},
	year = {2015},
	file = {spatio_temporal_exploration.pdf:/home/deebuls/.mozilla/firefox/csciq0z7.default/zotero/storage/A3PQDU5S/spatio_temporal_exploration.pdf:application/pdf}
}

@inproceedings{ambrucs2014meta,
  title={Meta-rooms: Building and maintaining long term spatial models in a dynamic world},
  author={Ambru{\c{s}}, Rare{\c{s}} and Bore, Nils and Folkesson, John and Jensfelt, Patric},
  booktitle={2014 IEEE/RSJ International Conference on Intelligent Robots and Systems},
  pages={1854--1861},
  year={2014},
  organization={IEEE}
}

@article{cook2010learning,
  title={Learning setting-generalized activity models for smart spaces},
  author={Cook, Diane J},
  journal={IEEE intelligent systems},
  volume={2010},
  number={99},
  pages={1},
  year={2010},
  publisher={NIH Public Access}
}

@inproceedings{pantofaru_exploring_2012,
    title = {Exploring the role of robots in home organization},
    url = {http://dl.acm.org/citation.cfm?id=2157805},
    urldate = {2015-12-17},
    booktitle = {Proceedings of the seventh annual {ACM}/{IEEE} international conference on {Human}-{Robot} {Interaction}},
    publisher = {ACM},
    author = {Pantofaru, Caroline and Takayama, Leila and Foote, Tully and Soto, Bianca},
    year = {2012},
    pages = {327--334},
    file = {hri254-pantofaru.pdf:/home/deebuls/.mozilla/firefox/csciq0z7.default/zotero/storage/REHFIECB/hri254-pantofaru.pdf:application/pdf}
}


@inproceedings{abdo2015robot,
  title={Robot, organize my shelves! Tidying up objects by predicting user preferences},
  author={Abdo, Nichola and Stachniss, Cyrill and Spinello, Luciano and Burgard, Wolfram},
  booktitle={2015 IEEE International Conference on Robotics and Automation (ICRA)},
  pages={1557--1564},
  year={2015},
  organization={IEEE}
}



@article{luttinen_bayespy_2014,
  title={BayesPy: variational Bayesian inference in Python},
  author={Luttinen, Jaakko},
  journal={Journal of Machine Learning Research},
  volume={17},
  number={41},
  pages={1--6},
  year={2016}
}

@article{goodman_church_2012,
	title = {Church: a language for generative models},
	shorttitle = {Church},
	url = {http://arxiv.org/abs/1206.3255},
	urldate = {2016-03-30},
	journal = {arXiv preprint arXiv:1206.3255},
	author = {Goodman, Noah and Mansinghka, Vikash and Roy, Daniel M. and Bonawitz, Keith and Tenenbaum, Joshua B.},
	year = {2012},
	file = {church_GooManRoyBonTen-UAI-2008.pdf:/home/deebuls/.mozilla/firefox/csciq0z7.default/zotero/storage/XP8E8IT7/church_GooManRoyBonTen-UAI-2008.pdf:application/pdf}
}


@article{mansinghka_venture_2014,
	title = {Venture: a higher-order probabilistic programming platform with programmable inference},
	shorttitle = {Venture},
	url = {http://arxiv.org/abs/1404.0099},
	urldate = {2016-03-30},
	journal = {arXiv preprint arXiv:1404.0099},
	author = {Mansinghka, Vikash and Selsam, Daniel and Perov, Yura},
	year = {2014},
	file = {1404.0099.pdf:/home/deebuls/.mozilla/firefox/csciq0z7.default/zotero/storage/IHGP8MRA/1404.0099.pdf:application/pdf}
}


@article{salvatier_probabilistic_2015,
	title = {Probabilistic {Programming} in {Python} using {PyMC}},
	url = {http://arxiv.org/abs/1507.08050},
	urldate = {2016-03-30},
	journal = {arXiv preprint arXiv:1507.08050},
	author = {Salvatier, John and Wiecki, Thomas and Fonnesbeck, Christopher},
	year = {2015},
	file = {1507.08050v1.pdf:/home/deebuls/.mozilla/firefox/csciq0z7.default/zotero/storage/ITJAZREW/1507.08050v1.pdf:application/pdf}
}

@misc{minka_2010,
  author = {TP Minka JM Winn JP Guiver and DA Knowles},
  title = {{Infer.net, Microsoft Research, Cambridge}},
  howpublished = "\url{ http://research.microsoft.com/infernet}",
  year = {2010}, 

}

@inproceedings{mcinerney2013modelling,
  title={Modelling heterogeneous location habits in human populations for location prediction under data sparsity},
  author={McInerney, James and Zheng, Jiangchuan and Rogers, Alex and Jennings, Nicholas R},
  booktitle={Proceedings of the 2013 ACM international joint conference on Pervasive and ubiquitous computing},
  pages={469--478},
  year={2013},
  organization={ACM}
}

@inproceedings{scellato2011nextplace,
  title={NextPlace: a spatio-temporal prediction framework for pervasive systems},
  author={Scellato, Salvatore and Musolesi, Mirco and Mascolo, Cecilia and Latora, Vito and Campbell, Andrew T},
  booktitle={International Conference on Pervasive Computing},
  pages={152--169},
  year={2011},
  organization={Springer}
}

@article{song2006evaluating,
  title={Evaluating next-cell predictors with extensive Wi-Fi mobility data},
  author={Song, Libo and Kotz, David and Jain, Ravi and He, Xiaoning},
  journal={IEEE Transactions on Mobile Computing},
  volume={5},
  number={12},
  pages={1633--1649},
  year={2006},
  publisher={IEEE}
}

@article{eagle2009eigenbehaviors,
  title={Eigenbehaviors: Identifying structure in routine},
  author={Eagle, Nathan and Pentland, Alex Sandy},
  journal={Behavioral Ecology and Sociobiology},
  volume={63},
  number={7},
  pages={1057--1066},
  year={2009},
  publisher={Springer}
}

@inproceedings{gao2012exploring,
  title={Exploring Social-Historical Ties on Location-Based Social Networks.},
  author={Gao, Huiji and Tang, Jiliang and Liu, Huan},
  booktitle={ICWSM},
  year={2012}
}

@article{bhattachayya1943measure,
  title={On a measure of divergence between two statistical population defined by their population distributions},
  author={Bhattachayya, A},
  journal={Bulletin Calcutta Mathematical Society},
  volume={35},
  pages={99--109},
  year={1943}
}

@article{rauber2008bhattacharyya,
  title={Bhattacharyya probabilistic distance of the dirichlet density and its application to split-and-merge image segmentation},
  author={Rauber, TW and Conci, A and Braun, T and Berns, K},
  journal={WSSIP08},
  pages={145--148},
  year={2008}
}

@inproceedings{niemueller2012generic,
  title={A generic robot database and its application in fault analysis and performance evaluation},
  author={Niemueller, Tim and Lakemeyer, Gerhard and Srinivasa, Siddhartha S},
  booktitle={2012 IEEE/RSJ International Conference on Intelligent Robots and Systems},
  pages={364--369},
  year={2012},
  organization={IEEE}
}

@inproceedings{chung2007decision,
  title={A decision-making framework for control strategies in probabilistic search},
  author={Chung, Timothy H and Burdick, Joel W},
  booktitle={Proceedings 2007 IEEE International Conference on Robotics and Automation},
  pages={4386--4393},
  year={2007},
  organization={IEEE}
}

@inproceedings{roy2003planning,
  title={Planning under uncertainty for reliable health care robotics},
  author={Roy, Nicholas and Gordon, Geoffrey and Thrun, Sebastian},
  booktitle={Field and Service Robotics},
  pages={417--426},
  year={2003},
  organization={Springer}
}

@misc{bishop2007pattern,
  title={Pattern Recognition and Machine Learning (Information Science and Statistics), 1st edn. 2006. corr. 2nd printing edn},
  author={Bishop, C},
  year={2007},
  publisher={Springer, New York}
}
@article{fong2003survey,
  title={A survey of socially interactive robots},
  author={Fong, Terrence and Nourbakhsh, Illah and Dautenhahn, Kerstin},
  journal={Robotics and autonomous systems},
  volume={42},
  number={3},
  pages={143--166},
  year={2003},
  publisher={Elsevier}
}

@inproceedings{nikolaidis2013human,
  title={Human-robot cross-training: Computational formulation, modeling and evaluation of a human team training strategy},
  author={Nikolaidis, Stefanos and Shah, Julie},
  booktitle={Proceedings of the 8th ACM/IEEE international conference on Human-robot interaction},
  pages={33--40},
  year={2013},
  organization={IEEE Press}
}


@book{kruschke2014doing,
  title={Doing Bayesian data analysis: A tutorial with R, JAGS, and Stan},
  author={Kruschke, John},
  year={2014},
  publisher={Academic Press}
}

@book{lee2014bayesian,
  title={Bayesian cognitive modeling: A practical course},
  author={Lee, Michael D and Wagenmakers, Eric-Jan},
  year={2014},
  publisher={Cambridge University Press}
}

#CASAS dataset mandatory bibtex
@article{aruba,
        title={Learning setting-generalized activity models for smart spaces},
        author={Cook, Diane J},
        journal={IEEE Intelligent Systems},
        volume={2010},
        number={99},
        pages={1},
        year={2010},
        publisher={NIH Public Access}
}

@Article{Fink2013,
author="Fink, Julia
and Bauwens, Val{\'e}rie
and Kaplan, Fr{\'e}d{\'e}ric
and Dillenbourg, Pierre",
title="Living with a Vacuum Cleaning Robot",
journal="International Journal of Social Robotics",
year="2013",
volume="5",
number="3",
pages="389--408",
issn="1875-4805",
doi="10.1007/s12369-013-0190-2",
url="http://dx.doi.org/10.1007/s12369-013-0190-2"
}


@article{kullback1951information,
  title={On Information and Sufficiency},
  author={Kullback, Solomon and Leibler, Richard A},
  journal={The annals of mathematical statistics},
  volume={22},
  number={1},
  pages={79--86},
  year={1951},
  publisher={JSTOR}
}

@article{bhattacharyya1946measure,
  title={On a measure of divergence between two multinomial populations},
  author={Bhattacharyya, Anil},
  journal={Sankhy{\=a}: the indian journal of statistics},
  pages={401--406},
  year={1946},
  publisher={JSTOR}
}

@article {Bishop20120222,
	author = {Bishop, Christopher M.},
	title = {Model-based machine learning},
	volume = {371},
	number = {1984},
	year = {2012},
	doi = {10.1098/rsta.2012.0222},
	publisher = {The Royal Society},
	issn = {1364-503X},
	URL = {http://rsta.royalsocietypublishing.org/content/371/1984/20120222},
	eprint = {http://rsta.royalsocietypublishing.org/content/371/1984/20120222.full.pdf},
	journal = {Philosophical Transactions of the Royal Society of London A: Mathematical, Physical and Engineering Sciences}
}

@book{beal2003variational,
  title={Variational algorithms for approximate Bayesian inference},
  author={Beal, Matthew James},
  year={2003},
  publisher={University of London London}
}
@phdthesis{minka2001family,
  title={A family of algorithms for approximate Bayesian inference},
  author={Minka, Thomas P},
  year={2001},
  school={Massachusetts Institute of Technology}
}

@book{cressie2015statistics,
  title={Statistics for spatio-temporal data},
  author={Cressie, Noel and Wikle, Christopher K},
  year={2015},
  publisher={John Wiley \& Sons}
}

@article{breiman2001random,
  title={Random forests},
  author={Breiman, Leo},
  journal={Machine learning},
  volume={45},
  number={1},
  pages={5--32},
  year={2001},
  publisher={Springer}
}

@article{geurts2006extremely,
  title={Extremely randomized trees},
  author={Geurts, Pierre and Ernst, Damien and Wehenkel, Louis},
  journal={Machine learning},
  volume={63},
  number={1},
  pages={3--42},
  year={2006},
  publisher={Springer}
}

@inproceedings{boser1992training,
  title={A training algorithm for optimal margin classifiers},
  author={Boser, Bernhard E and Guyon, Isabelle M and Vapnik, Vladimir N},
  booktitle={Proceedings of the fifth annual workshop on Computational learning theory},
  pages={144--152},
  year={1992},
  organization={ACM}
}

@article{cortes1995support,
  title={Support-vector networks},
  author={Cortes, Corinna and Vapnik, Vladimir},
  journal={Machine learning},
  volume={20},
  number={3},
  pages={273--297},
  year={1995},
  publisher={Springer}
}

@inproceedings{sklearn_api,
  author    = {Lars Buitinck and Gilles Louppe and Mathieu Blondel and
               Fabian Pedregosa and Andreas Mueller and Olivier Grisel and
               Vlad Niculae and Peter Prettenhofer and Alexandre Gramfort
               and Jaques Grobler and Robert Layton and Jake VanderPlas and
               Arnaud Joly and Brian Holt and Ga{\"{e}}l Varoquaux},
  title     = {{API} design for machine learning software: experiences from the scikit-learn
               project},
  booktitle = {ECML PKDD Workshop: Languages for Data Mining and Machine Learning},
  year      = {2013},
  pages = {108--122},
}

@inproceedings{wood2014new,
  title={A New Approach to Probabilistic Programming Inference.},
  author={Wood, Frank and van de Meent, Jan-Willem and Mansinghka, Vikash},
  booktitle={AISTATS},
  pages={1024--1032},
  year={2014}
}

\url{ http://www.mbmlbook.com/LifeCycle.html}


@book{winn2016,
  title={Model-Based Machine Learning},
  author={Winn, John  and Bishop, Christopher},
  year={2016},
  publisher={\url{ http://www.mbmlbook.com/LifeCycle.html}},
   howpublished = {\url{ http://www.mbmlbook.com/LifeCycle.html}},
     note = "[Online; accessed 07-Sept-2016]"
}

@misc{Tenenbaum2008PP,
  title={PROBABILISTIC PROGRAMMING},
  author={Tenenbaum, Joshua},
  year={2008},
  howpublished = {\url{http://probabilistic-programming.org/w/index.php?title=NIPS*2008_Workshop&redirect=no}},
  note = "[Online; accessed 07-Sept-2016]"
}



@misc{bitbotsfb,
  title={b-it bots facebook page},
  author={b-it bots, b-it},
  year={2013},
  howpublished = {\url{https://www.facebook.com/brsu.bitbots/photos/a.429706033780006.97759.104751442942135/478714822212460/?type=1&theater}},
  note = "[Online; accessed 07-Sept-2016]"
}

@misc{willowgarage,
  title={Photographs from Willowgarage on Flickr },
  author={Garage, Willow},
  year={2012},
  howpublished = {\url{https://www.flickr.com/photos/willowgarage}},
  note = "[Online; accessed 07-Sept-2016]"
}

@misc{SCITOS_G5,
  title={{SCITOS-G5 robot}},
  author={SCITOS-G5},
  year={2016},
  howpublished = {\url{http://www.hanheide.net/2013/06/brand-new-robot.html}},
  note = "[Online; accessed 07-Sept-2016]"
}

@misc{Marc2016,
  title={Comment on Open AI’s Efforts to Robot Learning},
  author={Marc Deisenroth},
  year={2016},
  howpublished = {\url{https://gridworld.wordpress.com/2016/07/28/comment-on-open-ais-efforts-to-robot-learning/}},
  note = "[Online; accessed 14-Aug-2016]"
}


@misc{MarcICML2016,
  title={{ICML 2016 Workshop on Data-Efficient Machine Learning}},
  author={Marc Deisenroth},
  year={2016},
  howpublished = {\url{https://sites.google.com/site/dataefficientml/home
}},
  note = "[Online; accessed 14-Aug-2016]"
}

@misc{kurt2013,
  title={Kullback-Leibler Divergence Between Two Dirichlet (and Beta) Distributions},
  author={B. Kurt},
  year={2013},
  howpublished = {\url{http://bariskurt.com/kullback-leibler-divergence-between-two-dirichlet-and-beta-distributions/}},
  note = "[Online; accessed 14-Jan-2016]"
}

@BOOK{astroMLText,
 title={Statistics, Data Mining and Machine Learning in Astronomy},
 author={{Ivezi{\'c}}, {\v Z}. and {Connolly}, A.J.
         and {Vanderplas}, J.T. and {Gray}, A.},
 publisher={Princeton University Press},
 location={Princeton, NJ},
 year={2014}
}



@article {BS:BS3830070108,
author = {Dwyer, John M.},
title = {Howard Raiffa and Robert Schlaifer. Applied statistical decision theory. Boston: Clinton Press, Inc., 1961. 356 pages},
journal = {Behavioral Science},
volume = {7},
number = {1},
publisher = {John Wiley & Sons, Ltd.},
issn = {1099-1743},
url = {http://dx.doi.org/10.1002/bs.3830070108},
doi = {10.1002/bs.3830070108},
pages = {103--104},
year = {1962},
}

@article{scikit-learn,
 title={Scikit-learn: Machine Learning in {P}ython},
 author={Pedregosa, F. and Varoquaux, G. and Gramfort, A. and Michel, V.
         and Thirion, B. and Grisel, O. and Blondel, M. and Prettenhofer, P.
         and Weiss, R. and Dubourg, V. and Vanderplas, J. and Passos, A. and
         Cournapeau, D. and Brucher, M. and Perrot, M. and Duchesnay, E.},
 journal={Journal of Machine Learning Research},
 volume={12},
 pages={2825--2830},
 year={2011}
}

@article{tenorth2013knowrob,
  title={KnowRob: A knowledge processing infrastructure for cognition-enabled robots},
  author={Tenorth, Moritz and Beetz, Michael},
  journal={The International Journal of Robotics Research},
  volume={32},
  number={5},
  pages={566--590},
  year={2013},
  publisher={SAGE Publications}
}

@inproceedings{singh2002open,
  title={Open Mind Common Sense: Knowledge acquisition from the general public},
  author={Singh, Push and Lin, Thomas and Mueller, Erik T and Lim, Grace and Perkins, Travell and Zhu, Wan Li},
  booktitle={OTM Confederated International Conferences" On the Move to Meaningful Internet Systems"},
  pages={1223--1237},
  year={2002},
  organization={Springer}
}

@article{lenat1995cyc,
  title={CYC: A large-scale investment in knowledge infrastructure},
  author={Lenat, Douglas B},
  journal={Communications of the ACM},
  volume={38},
  number={11},
  pages={33--38},
  year={1995},
  publisher={ACM}
}

@inproceedings{mason2012object,
  title={An object-based semantic world model for long-term change detection and semantic querying},
  author={Mason, Julian and Marthi, Bhaskara},
  booktitle={2012 IEEE/RSJ International Conference on Intelligent Robots and Systems},
  pages={3851--3858},
  year={2012},
  organization={IEEE}
}

@inproceedings{krajnik2014long,
  title={Long-term topological localisation for service robots in dynamic environments using spectral maps},
  author={Krajn{\'\i}k, Tom{\'a}{\v{s}} and Fentanes, Jaime P and Mozos, Oscar M and Duckett, Tom and Ekekrantz, Johan and Hanheide, Marc},
  booktitle={2014 IEEE/RSJ International Conference on Intelligent Robots and Systems},
  pages={4537--4542},
  year={2014},
  organization={IEEE}
}

@incollection{linder16multi, title={On Multi-Modal People Tracking from Mobile Platforms in Very Crowded and Dynamic Environments}, author={Linder, Timm and Breuers, Stefan and Leibe, Bastian and Arras, Kai Oliver}, booktitle={ICRA}, year={2016}, }

@inproceedings{jafari2014real,
  title={Real-time RGB-D based people detection and tracking for mobile robots and head-worn cameras},
  author={Jafari, Omid Hosseini and Mitzel, Dennis and Leibe, Bastian},
  booktitle={2014 IEEE International Conference on Robotics and Automation (ICRA)},
  pages={5636--5643},
  year={2014},
  organization={IEEE}
}


@inproceedings{Hoffman14Lsda,
   Author = {Judy Hoffman and Sergio Guadarrama and Eric Tzeng and 
   		Ronghang Hu and Jeff Donahue and Ross Girshick and 
	   	Trevor Darrell and Kate Saenko},
   Title = { {LSDA}: Large Scale Detection through Adaptation},
   Year  = {2014},
   booktitle = {Neural Information Processing Systems (NIPS)}
}

@article{zhou2014recent,
  title={Recent advances on singlemodal and multimodal face recognition: a survey},
  author={Zhou, Hailing and Mian, Ajmal and Wei, Lei and Creighton, Doug and Hossny, Mo and Nahavandi, Saeid},
  journal={IEEE Transactions on Human-Machine Systems},
  volume={44},
  number={6},
  pages={701--716},
  year={2014},
  publisher={IEEE}
}

@article{schulz2001probabilistic,
  title={Probabilistic state estimation of dynamic objects with a moving mobile robot},
  author={Schulz, Dirk and Burgard, Wolfram},
  journal={Robotics and Autonomous Systems},
  volume={34},
  number={2},
  pages={107--115},
  year={2001},
  publisher={Elsevier}
}

@misc{dippl,
  title = {{The Design and Implementation of Probabilistic Programming Languages}},
  author = {Goodman, Noah D and Stuhlm\"{u}ller, Andreas},
  year = {2014},
  howpublished = {\url{http://dippl.org}},
  note = {Accessed: 2016-9-15}
}

@inproceedings{niemueller2010design,
  title={Design principles of the component-based robot software framework fawkes},
  author={Niemueller, Tim and Ferrein, Alexander and Beck, Daniel and Lakemeyer, Gerhard},
  booktitle={International Conference on Simulation, Modeling, and Programming for Autonomous Robots},
  pages={300--311},
  year={2010},
  organization={Springer}
}


@inproceedings{kiczales1997aspect,
  title={Aspect-oriented programming},
  author={Kiczales, Gregor and Lamping, John and Mendhekar, Anurag and Maeda, Chris and Lopes, Cristina and Loingtier, Jean-Marc and Irwin, John},
  booktitle={European conference on object-oriented programming},
  pages={220--242},
  year={1997},
  organization={Springer}
}

@article{rowley2007wisdom,
  title={The wisdom hierarchy: representations of the DIKW hierarchy},
  author={Rowley, Jennifer E},
  journal={Journal of information science},
  year={2007},
  publisher={Sage Publications}
}

@article{ackoff1989data,
  title={From data to wisdom},
  author={Ackoff, Russell L},
  journal={Journal of applied systems analysis},
  volume={16},
  number={1},
  pages={3--9},
  year={1989}
}
