
@inproceedings{niemueller2012generic,
  title={A generic robot database and its application in fault analysis and performance evaluation},
  author={Niemueller, Tim and Lakemeyer, Gerhard and Srinivasa, Siddhartha S},
  booktitle={2012 IEEE/RSJ International Conference on Intelligent Robots and Systems},
  pages={364--369},
  year={2012},
  organization={IEEE}
}


@article{luttinen_bayespy_2014,
  title={BayesPy: variational Bayesian inference in Python},
  author={Luttinen, Jaakko},
  journal={Journal of Machine Learning Research},
  volume={17},
  number={41},
  pages={1--6},
  year={2016}
}
@article{salvatier2016probabilistic,
  title={Probabilistic programming in Python using PyMC3},
  author={Salvatier, John and Wiecki, Thomas V and Fonnesbeck, Christopher},
  journal={PeerJ Computer Science},
  volume={2},
  pages={e55},
  year={2016},
  publisher={PeerJ Inc.}
}

@inproceedings{krajnik_wheres_2015,
	title = {Where's waldo at time t? using spatio-temporal models for mobile robot search},
	shorttitle = {Where's waldo at time t?},
	url = {http://ieeexplore.ieee.org/xpls/abs_all.jsp?arnumber=7139481},
	urldate = {2016-01-04},
	booktitle = {Robotics and {Automation} ({ICRA}), 2015 {IEEE} {International} {Conference} on},
	publisher = {IEEE},
	author = {Krajnik, Tomas and Kulich, Miroslav and Mudrova, Lenka and Ambrus, Rares and Duckett, Tom},
	year = {2015},
	pages = {2140--2146},
}

#CASAS dataset mandatory bibtex
@article{aruba,
        title={Learning setting-generalized activity models for smart spaces},
        author={Cook, Diane J},
        journal={IEEE Intelligent Systems},
        volume={2010},
        number={99},
        pages={1},
        year={2010},
        publisher={NIH Public Access}
}


